@book{Brett2009,
abstract = {Offering the tools needed to evaluate trends and understand key factors affecting the real estate market, this book explains how to get started, where to get information, and how to apply the basic techniques to a variety of development types. This practical primer offers a step-by-step approach to developing property—whether public or private sector—and shows how market-analysis methods have been employed in real projects. The 13 case studies written by top market analysts provide models that can be applied to multifamily, hotel, office, industrial, entertainment, mixed-use, and/or master-planned communities. This is an excellent reference for real estate students and professionals to maximize potential in a troubled market.},
address = {Toronto},
author = {Brett, Deborah and Schmitz, Adrienne},
edition = {Second Edi},
isbn = {9780874203653},
publisher = {Urban Land Institute},
title = {{Real Estate Market Analysis: Methods and Case Studies, Second Edition}},
url = {https://uli.bookstore.ipgbook.com/real-estate-market-analysis-products-9780874203653.php},
year = {2009}
}
@article{Miller2010,
author = {Miller, Eric J and Farooq, Bilal and Chingcuanco, Franco and Wang, David},
file = {:C$\backslash$:/Users/HP USER/Documents/repos/thesis/methodology/references/11-2552{\_}Miller-etal{\_}Final-for-TRR.pdf:pdf},
journal = {Annual Meeting of the Transportation Research Board},
pages = {1--25},
title = {{Historical Validation of an Integrated Transport – Land Use Model System}},
year = {2010}
}
