@misc{TeranetEnterprisesInc.2019,
abstract = {Teranet is the exclusive provider of Ontario's online property search and registration. We developed, own and operate the Ontario Electronic Land Registration System – one of the most advanced, secure and sophisticated land registration systems in the world. Teranet also provides online access to Ontario's Writs System.},
author = {{Teranet Enterprises Inc.}},
booktitle = {www.teranet.ca},
title = {https://www.teranet.ca},
url = {https://www.teranet.ca},
year = {2019}
}
@misc{TheGovernmentofOntario1990,
abstract = {This Act provides for changes in land registration, it consists of 32 sections and is divided into three parts. Part I concerns documents, and changes in the requirements for land registration. Part II is dedicated to automated recording and property mapping and Part III covers electronic registration and related matters.},
address = {Toronto},
author = {{The Government of Ontario}},
file = {:home/stepan/repos/geo/references/Land Registration Reform Act.doc:doc},
publisher = {The Government of Ontario},
title = {{Land Registration Reform Act, R.S.O. 1990, c. L.4}},
url = {https://www.ontario.ca/laws/statute/90l04},
year = {1990}
}
@techreport{McKean2015,
abstract = {A practical cross-border insight into real estate law.},
address = {London, UK},
author = {McKean, Heather and {Di Cresce}, Stella},
file = {:home/stepan/repos/geo/references/Real-Estate-Law-in-Canada.pdf:pdf},
institution = {Global Legal Group},
isbn = {9781910083314},
keywords = {canada,real estate law},
title = {{The International Comparative Legal Guide to: Real Estate 2015, Chapter 6: Canada}},
url = {https://www.osler.com/osler/media/Osler/reports/real-estate/Real-Estate-Law-in-Canada.pdf},
year = {2015}
}
@techreport{TeranetEnterprisesInc.2011,
abstract = {The Province of Ontario Land Registration Information System (POLARIS{\textregistered}) is the computerized system that stores and manages ownership data for each property in Ontario which have been automated into the Electronic Land Registration System (ELRS{\textregistered}). All of the information in the POLARIS databases is compiled from the actual Land Registry Office (“LRO”) records. The Ownership Property Report contains property-based attributes for properties in the defined geographic coverage. The POLARIS Property Identification Number (PIN) is the key for each record.},
address = {Toronto},
author = {{Teranet Enterprises Inc.}},
file = {:home/stepan/Downloads/Product{\_}Description{\_}-{\_}Ownership{\_}Property{\_}Report.pdf:pdf},
institution = {Teranet Enterprises Inc.},
title = {{Product Description: Ownership Property Report}},
year = {2011}
}
